<record><leader>00000cas a2200000 a 4500</leader><controlfield tag="001">30788235</controlfield><controlfield tag="008">940718d19581983iluir ne      0    0eng c</controlfield><datafield ind1=" " ind2=" " tag="010"><subfield code="a">sn 94054385 </subfield></datafield><datafield ind1=" " ind2=" " tag="040"><subfield code="a">NVF</subfield><subfield code="b">eng</subfield><subfield code="c">NVF</subfield><subfield code="d">OCLCQ</subfield><subfield code="d">CVF</subfield><subfield code="d">NVF</subfield><subfield code="d">OCLCQ</subfield><subfield code="d">NVF</subfield><subfield code="d">OCLCO</subfield><subfield code="d">OCLCF</subfield><subfield code="d">OCL</subfield></datafield><datafield ind1="1" ind2=" " tag="029"><subfield code="a">AU@</subfield><subfield code="b">000025879785</subfield></datafield><datafield ind1=" " ind2=" " tag="042"><subfield code="a">pcc</subfield></datafield><datafield ind1=" " ind2=" " tag="043"><subfield code="a">n-us-il</subfield></datafield><datafield ind1="0" ind2=" " tag="130"><subfield code="a">Cardunal free press (Dundee, Ill.)</subfield></datafield><datafield ind1="1" ind2="0" tag="245"><subfield code="a">Cardunal free press.</subfield></datafield><datafield ind1=" " ind2=" " tag="260"><subfield code="a">Dundee, Ill. :</subfield><subfield code="b">Cardunal Store News,</subfield><subfield code="c">1958-1983.</subfield></datafield><datafield ind1="3" ind2=" " tag="260"><subfield code="3">Apr. 29, 1959-Aug. 19, 1983</subfield><subfield code="a">Carpentersville, Ill.</subfield></datafield><datafield ind1=" " ind2=" " tag="300"><subfield code="a">v.</subfield></datafield><datafield ind1=" " ind2=" " tag="310"><subfield code="a">Triweekly,</subfield><subfield code="b">Nov. 13, 1978-1983</subfield></datafield><datafield ind1=" " ind2=" " tag="321"><subfield code="a">Weekly,</subfield><subfield code="b">1958-Jan. 19, 1967</subfield></datafield><datafield ind1=" " ind2=" " tag="321"><subfield code="a">Biweekly,</subfield><subfield code="b">Jan. 25, 1967-Nov. 9, 1978</subfield></datafield><datafield ind1="0" ind2=" " tag="362"><subfield code="a">Vol. 1, no. 1 (Apr. 3, 1958)-v. 26, no. 97 (Aug. 19, 1983).</subfield></datafield><datafield ind1=" " ind2="0" tag="651"><subfield code="a">Algonquin (Ill.)</subfield><subfield code="v">Newspapers.</subfield></datafield><datafield ind1=" " ind2="0" tag="651"><subfield code="a">East Dundee (Ill.)</subfield><subfield code="v">Newspapers.</subfield></datafield><datafield ind1=" " ind2="0" tag="651"><subfield code="a">West Dundee (Ill.)</subfield><subfield code="v">Newspapers.</subfield></datafield><datafield ind1=" " ind2="0" tag="651"><subfield code="a">Carpentersville (Ill.)</subfield><subfield code="v">Newspapers.</subfield></datafield><datafield ind1=" " ind2="7" tag="655"><subfield code="a">Newspapers.</subfield><subfield code="2">fast</subfield><subfield code="0">(OCoLC)fst01423814</subfield></datafield><datafield ind1=" " ind2="7" tag="651"><subfield code="a">Illinois</subfield><subfield code="z">Algonquin.</subfield><subfield code="2">fast</subfield><subfield code="0">(OCoLC)fst01211969</subfield></datafield><datafield ind1=" " ind2="7" tag="651"><subfield code="a">Illinois</subfield><subfield code="z">Carpentersville.</subfield><subfield code="2">fast</subfield><subfield code="0">(OCoLC)fst01218462</subfield></datafield><datafield ind1=" " ind2="7" tag="651"><subfield code="a">Illinois</subfield><subfield code="z">East Dundee.</subfield><subfield code="2">fast</subfield><subfield code="0">(OCoLC)fst01226525</subfield></datafield><datafield ind1=" " ind2="7" tag="651"><subfield code="a">Illinois</subfield><subfield code="z">West Dundee.</subfield><subfield code="2">fast</subfield><subfield code="0">(OCoLC)fst01283554</subfield></datafield><datafield ind1=" " ind2=" " tag="752"><subfield code="a">United States</subfield><subfield code="b">Illinois</subfield><subfield code="c">Kane</subfield><subfield code="d">Carpentersville.</subfield></datafield><datafield ind1=" " ind2=" " tag="752"><subfield code="a">United States</subfield><subfield code="b">Illinois</subfield><subfield code="c">Kane</subfield><subfield code="d">Dundee.</subfield></datafield><datafield ind1="0" ind2="0" tag="785"><subfield code="t">Cardunal free press morning herald</subfield><subfield code="w">(DLC)sn 83002597</subfield><subfield code="w">(OCoLC)9930524</subfield></datafield></record>